01REMESSA01COBRANCA       026400767286        DEALER BANK                   341BANCO ITAU SA  101017                                                                                                                                                                                                                                                                                                      000001
10201810786000175026400767286    000031312312                 313123120000000000000109                     I0131231231  14091700000000222003410000008N1409172 0 00000000000101409170000000000000000000000000000000000000000104475124000184ENGLISHTOWN DO BRASIL INTERMED                                                  ALPHAVILLE I06454000BARUERI        SPDEALER BANK                       09061410 000002
9                                                                                                                                                                                                                                                                                                                                                                                                         000003
