02RETORNO01COBRANCA       026400767286        DEALER FACTORING F M LTDA     341BANCO ITAU S.A.18091701600BPI02216190917                                                                                                                                                                                                                                                                                   000001
10201810786000175026400767286        13417        00 00 00001 51727269            112517272699             I02180917315-3     51727269            13111700000001680003412861301000000000030000000000000000000000000000000000000000000000000000000000000000000000000000000000000000008400000000000000         00000000000000000000000PAULO CESAR FARIA                                                     000002
10201810786000175026400767286        13422        00 00 00001 51727270            112517272707             I021809174671-A    51727270            18101700000006375003410075201000000000030000000000000000000000000000000000000000000000000000000000000000000000000000000000000000031880000000000000         00000000000000000000000COMERCIAL ZARAGOZA IMPORTACAO                                         000003
10201810786000175026400767286        13423        00 00 00001 51727271            112517272715             I021809174671-B    51727271            17111700000006375003410075201000000000030000000000000000000000000000000000000000000000000000000000000000000000000000000000000000031880000000000000         00000000000000000000000COMERCIAL ZARAGOZA IMPORTACAO                                         000004
10201810786000175026400767286        13424        00 00 00001 51727272            112517272723             I021809174672-A    51727272            19101700000006375003410145301000000000030000000000000000000000000000000000000000000000000000000000000000000000000000000000000000031880000000000000         00000000000000000000000COMERCIAL ZARAGOZA IMPORTACAO                                         000005
10201810786000175026400767286        13425        00 00 00001 51727273            112517272731             I021809174672-B    51727273            18111700000006375003410145301000000000030000000000000000000000000000000000000000000000000000000000000000000000000000000000000000031880000000000000         00000000000000000000000COMERCIAL ZARAGOZA IMPORTACAO                                         000006
10201810786000175026400767286        13432        00 00 00001 51727274            112517272749             I021809171342      51727274            16101700000000380003410001801000000000030000000000000000000000000000000000000000000000000000000000000000000000000000000000000000001900000000000000         00000000000000000000000REMATEC INDUSTRIA METALURGICA                                         000007
10201810786000175026400767286        13433        00 00 00001 51727275            112517272756             I021809171343-A    51727275            16101700000000575003410001801000000000030000000000000000000000000000000000000000000000000000000000000000000000000000000000000000002880000000000000         00000000000000000000000MEC TEC EQUIPAMENTOS HIDRAULIC                                        000008
10201810786000175026400767286        13434        00 00 00001 51727276            112517272764             I021809171343-B    51727276            23101700000000575003410001801000000000030000000000000000000000000000000000000000000000000000000000000000000000000000000000000000002880000000000000         00000000000000000000000MEC TEC EQUIPAMENTOS HIDRAULIC                                        000009
10201810786000175026400767286        13435        00 00 00001 51727277            112517272772             I021809171344-A    51727277            15101700000001350003412861301000000000030000000000000000000000000000000000000000000000000000000000000000000000000000000000000000006750000000000000         00000000000000000000000PRIMOR TECNICA E USINAGEM LTDA                                        000010
10201810786000175026400767286        13436        00 00 00001 51727278            112517272780             I021809171344-B    51727278            15111700000001350003412861301000000000030000000000000000000000000000000000000000000000000000000000000000000000000000000000000000006750000000000000         00000000000000000000000PRIMOR TECNICA E USINAGEM LTDA                                        000011
10201810786000175026400767286        13412        00 00 00001 51727279            112517272798             I02180917332-A     51727279            11101700000001100003412861301000000000030000000000000000000000000000000000000000000000000000000000000000000000000000000000000000005500000000000000         00000000000000000000000CONNETH INDUSTRIA E COMERCIO L                                        000012
10201810786000175026400767286        13413        00 00 00001 51727280            112517272806             I02180917332-B     51727280            18101700000001100003412861301000000000030000000000000000000000000000000000000000000000000000000000000000000000000000000000000000005500000000000000         00000000000000000000000CONNETH INDUSTRIA E COMERCIO L                                        000013
10201810786000175026400767286        13414        00 00 00001 51727281            112517272814             I02180917332-C     51727281            25101700000001100003412861301000000000030000000000000000000000000000000000000000000000000000000000000000000000000000000000000000005500000000000000         00000000000000000000000CONNETH INDUSTRIA E COMERCIO L                                        000014
10201810786000175026400767286        13415        00 00 00001 51727282            112517272822             I02180917315-1     51727282            14101700000001680003412861301000000000030000000000000000000000000000000000000000000000000000000000000000000000000000000000000000008400000000000000         00000000000000000000000PAULO CESAR FARIA                                                     000015
10201810786000175026400767286        13416        00 00 00001 51727283            112517272830             I02180917315-2     51727283            29101700000001680003412861301000000000030000000000000000000000000000000000000000000000000000000000000000000000000000000000000000008400000000000000         00000000000000000000000PAULO CESAR FARIA                                                     000016
10201810786000175026400767286        13257        00 00 00001 41087528            112410875283             I06180917558       41087528            17091700000002038863410194101000000000000000000000000000000000000000000000000000000000000000000000000010194000000019369200000000000000000000000000   19091700000000000000000000000COMERCIAL CHOCOLANDIA LTDA                                          CK000017
10201810786000175026400767286        13324        00 00 00001 43542043            112435420438             I06180917615       43542043            18091700000000410003417660401000000000000000000000000000000000000000000000000000000000000000000000000000000000000004100000000000000000000000000000   19091700000000000000000000000USIMELLO COMERCIO S M P L ME                                        CP000018
10201810786000175026400767286        13328        00 00 00001 44955696            112449556961             I061809174624      44955696            17091700000008750003410738501000000000000000000000000000000000000000000000000000000000000000000000000000000000000087500000000000000000000000000000   19091700000000000000000000000WECKERLE DO BRASIL LTDA                                             CK000019
10201810786000175026400767286        13372        00 00 00001 48982654            112489826548             I061809174649-A    48982654            22091700000001365000017013601000000000000000000000000000000000000000000000000000000000000000000000000000000000000013650000000000000000000000000000   19091700000000000000000000000WORLD COMERCIO E INDUSTRIA DE                                       B3000020
9201341          0000007600000016658456  19/09S          000000000000000000000000000000                                                  000000000000000000000000000000          0000000300000000508500  19/09S022160000001900000005063386                                                                                                                                                                000021
