01REMESSA01COBRANCA       026400767286        DEALER BANK FOMENTO M. LTDA   341BANCO ITAU SA  101017                                                                                                                                                                                                                                                                                                      000001
10201810786000175026400767286    000031312312                 313123120000000000000109                     I0131231231  19091700000000100003410000008N1909172 0 00000000000101909170000000000000000000000000000000000000000104475124000184ENGLISHTOWN DO BRASIL INTERMED                                                  ALPHAVILLE I06454000BARUERI        SPDEALER BANK FOMENTO M. LTDA       09061410 000002
9                                                                                                                                                                                                                                                                                                                                                                                                         000003
